[gd_scene load_steps=6 format=1]

[ext_resource path="res://objects/menu/menu.gd" type="Script" id=1]
[ext_resource path="res://objects/menu/logo.tex" type="Texture" id=2]
[ext_resource path="res://fonts/pincoyablack.fnt" type="BitmapFont" id=3]
[ext_resource path="res://objects/menu/focus.gd" type="Script" id=4]

[sub_resource type="StyleBoxEmpty" id=1]

content_margin/left = -1.0
content_margin/right = -1.0
content_margin/top = -1.0
content_margin/bottom = -1.0

[node name="menu" type="Control"]

anchor/right = 1
anchor/bottom = 1
focus/ignore_mouse = false
focus/stop_mouse = true
size_flags/horizontal = 3
size_flags/vertical = 3
margin/left = 0.0
margin/top = 0.0
margin/right = 0.0
margin/bottom = 0.0
script/script = ExtResource( 1 )

[node name="MarginContainer" type="MarginContainer" parent="."]

anchor/right = 1
anchor/bottom = 1
focus/ignore_mouse = false
focus/stop_mouse = true
size_flags/horizontal = 3
size_flags/vertical = 3
margin/left = 0.0
margin/top = 0.0
margin/right = 0.0
margin/bottom = 0.0
custom_constants/margin_right = 0
custom_constants/margin_top = 50
custom_constants/margin_left = 0
custom_constants/margin_bottom = 50

[node name="HBoxContainer" type="HBoxContainer" parent="MarginContainer"]

focus/ignore_mouse = false
focus/stop_mouse = false
size_flags/horizontal = 3
size_flags/vertical = 3
margin/left = 0.0
margin/top = 50.0
margin/right = 1024.0
margin/bottom = 550.0
alignment = 0

[node name="TextureFrame" type="TextureFrame" parent="MarginContainer/HBoxContainer"]

rect/min_size = Vector2( 100, 100 )
focus/ignore_mouse = true
focus/stop_mouse = true
size_flags/horizontal = 3
size_flags/vertical = 3
margin/left = 0.0
margin/top = 0.0
margin/right = 510.0
margin/bottom = 500.0
texture = ExtResource( 2 )
expand = true
stretch_mode = 6

[node name="CenterContainer" type="CenterContainer" parent="MarginContainer/HBoxContainer"]

focus/ignore_mouse = false
focus/stop_mouse = true
size_flags/horizontal = 3
size_flags/vertical = 3
margin/left = 514.0
margin/top = 0.0
margin/right = 1024.0
margin/bottom = 500.0
use_top_left = false

[node name="ButtonGroup" type="ButtonGroup" parent="MarginContainer/HBoxContainer/CenterContainer"]

focus/ignore_mouse = false
focus/stop_mouse = false
size_flags/horizontal = 3
size_flags/vertical = 3
margin/left = 225.0
margin/top = 214.0
margin/right = 284.0
margin/bottom = 284.0
alignment = 0

[node name="Play" type="Button" parent="MarginContainer/HBoxContainer/CenterContainer/ButtonGroup"]

focus/ignore_mouse = false
focus/stop_mouse = true
size_flags/horizontal = 2
size_flags/vertical = 2
margin/left = 0.0
margin/top = 0.0
margin/right = 59.0
margin/bottom = 35.0
custom_styles/hover = SubResource( 1 )
custom_styles/pressed = SubResource( 1 )
custom_styles/focus = SubResource( 1 )
custom_styles/disabled = SubResource( 1 )
custom_styles/normal = SubResource( 1 )
custom_fonts/font = ExtResource( 3 )
custom_colors/font_color = Color( 0.666667, 0.666667, 0.666667, 1 )
custom_colors/font_color_hover = Color( 0.866667, 0.866667, 0.866667, 1 )
custom_colors/font_color_pressed = Color( 1, 1, 1, 1 )
toggle_mode = true
click_on_press = true
enabled_focus_mode = 2
shortcut = null
text = "Play"
flat = true
script/script = ExtResource( 4 )

[node name="Settings" type="Button" parent="MarginContainer/HBoxContainer/CenterContainer/ButtonGroup"]

visibility/visible = false
focus/ignore_mouse = false
focus/stop_mouse = true
size_flags/horizontal = 2
size_flags/vertical = 2
margin/left = 0.0
margin/top = 35.0
margin/right = 127.0
margin/bottom = 70.0
custom_styles/hover = SubResource( 1 )
custom_styles/pressed = SubResource( 1 )
custom_styles/focus = SubResource( 1 )
custom_styles/disabled = SubResource( 1 )
custom_styles/normal = SubResource( 1 )
custom_fonts/font = ExtResource( 3 )
custom_colors/font_color = Color( 0.666667, 0.666667, 0.666667, 1 )
custom_colors/font_color_hover = Color( 0.866667, 0.866667, 0.866667, 1 )
custom_colors/font_color_pressed = Color( 1, 1, 1, 1 )
toggle_mode = true
click_on_press = true
enabled_focus_mode = 2
shortcut = null
text = "Settings"
flat = true

[node name="Quit" type="Button" parent="MarginContainer/HBoxContainer/CenterContainer/ButtonGroup"]

focus/ignore_mouse = false
focus/stop_mouse = true
size_flags/horizontal = 2
size_flags/vertical = 2
margin/left = 0.0
margin/top = 35.0
margin/right = 59.0
margin/bottom = 70.0
custom_styles/hover = SubResource( 1 )
custom_styles/pressed = SubResource( 1 )
custom_styles/focus = SubResource( 1 )
custom_styles/disabled = SubResource( 1 )
custom_styles/normal = SubResource( 1 )
custom_fonts/font = ExtResource( 3 )
custom_colors/font_color = Color( 0.666667, 0.666667, 0.666667, 1 )
custom_colors/font_color_hover = Color( 0.866667, 0.866667, 0.866667, 1 )
custom_colors/font_color_pressed = Color( 1, 1, 1, 1 )
toggle_mode = true
click_on_press = true
enabled_focus_mode = 2
shortcut = null
text = "Quit"
flat = true

[connection signal="pressed" from="MarginContainer/HBoxContainer/CenterContainer/ButtonGroup/Play" to="." method="_on_Play_pressed"]

[connection signal="pressed" from="MarginContainer/HBoxContainer/CenterContainer/ButtonGroup/Settings" to="." method="_on_Settings_pressed"]

[connection signal="pressed" from="MarginContainer/HBoxContainer/CenterContainer/ButtonGroup/Quit" to="." method="_on_Quit_pressed"]


